@INPROCEEDINGS{ towards,
author={Aguiar, P. and Ferretiz, P. and Hern\'{a}ndez C. and Lozoya, J. and Varrier, S.},
booktitle={ASME 2014 International Mechanical Engineering Congrees \& Exposition},
title={Towards a Supermileage Autonomous Vehicle},
year={2014},
month={November},
note={Work to be published}
}
